@inproceedings{okada2016autonomous,
  title={Autonomous cooperation of social things: Designing a system for things with unique personalities in IoT},
  author={Okada, Miyo and Ueki, Atsuro and Jonasson, Niclas and Yamanouchi, Masato and Norlin, Cristian and Sunahara, Hideki and Formo, Joakim and Anneroth, Mikael and Inakage, Masa},
  booktitle={Proceedings of the 6th International Conference on the Internet of Things},
  pages={35--42},
  year={2016}
}
@article{weiser1999computer,
  title={The computer for the 21st century},
  author={Weiser, Mark},
  journal={ACM SIGMOBILE mobile computing and communications review},
  volume={3},
  number={3},
  pages={3--11},
  year={1999},
  publisher={ACM New York, NY, USA}
}
@inproceedings{hupfeld2000spatially,
  title={Spatially aware local communication in the RAUM system},
  author={Hupfeld, Felix and Beigl, Michael},
  booktitle={International Workshop on Interactive Distributed Multimedia Systems and Telecommunication Services},
  pages={285--296},
  year={2000},
  organization={Springer}
}
@inproceedings{tan2010future,
  title={Future internet: The internet of things},
  author={Tan, Lu and Wang, Neng},
  booktitle={2010 3rd international conference on advanced computer theory and engineering (ICACTE)},
  volume={5},
  pages={V5--376},
  year={2010},
  organization={IEEE}
}
@article{ashton2009internet,
  title={That ‘internet of things’ thing},
  author={Ashton, Kevin and others},
  journal={RFID journal},
  volume={22},
  number={7},
  pages={97--114},
  year={2009}
}
@article{madakam2015internet,
  title={Internet of Things (IoT): A literature review},
  author={Madakam, Somayya and Lake, Vihar and Lake, Vihar and Lake, Vihar and others},
  journal={Journal of Computer and Communications},
  volume={3},
  number={05},
  pages={164},
  year={2015},
  publisher={Scientific Research Publishing}
}
@inproceedings{chung2018explorations,
  title={Explorations on reciprocal interplay in things ecology},
  author={Chung, David and Funk, Mathias and Liang, Rung-Huei and Chen, Lin-Lin},
  booktitle={Proceedings of the 2018 ACM Conference Companion Publication on Designing Interactive Systems},
  pages={51--56},
  year={2018}
}
@article{atzori2010internet,
  title={The internet of things: A survey},
  author={Atzori, Luigi and Iera, Antonio and Morabito, Giacomo},
  journal={Computer networks},
  volume={54},
  number={15},
  pages={2787--2805},
  year={2010},
  publisher={Elsevier}
}
@article{atzori2011siot,
  title={Siot: Giving a social structure to the internet of things},
  author={Atzori, Luigi and Iera, Antonio and Morabito, Giacomo},
  journal={IEEE communications letters},
  volume={15},
  number={11},
  pages={1193--1195},
  year={2011},
  publisher={IEEE}
}
@article{atzori2012social,
  title={The social internet of things (siot)--when social networks meet the internet of things: Concept, architecture and network characterization},
  author={Atzori, Luigi and Iera, Antonio and Morabito, Giacomo and Nitti, Michele},
  journal={Computer networks},
  volume={56},
  number={16},
  pages={3594--3608},
  year={2012},
  publisher={Elsevier}
}
@book{hall1966hidden,
  title={The hidden dimension},
  author={Hall, Edward Twitchell},
  volume={609},
  year={1966},
  publisher={Garden City, NY: Doubleday}
}
@article{hall1963system,
  title={A system for the notation of proxemic behavior},
  author={Hall, Edward T},
  journal={American anthropologist},
  volume={65},
  number={5},
  pages={1003--1026},
  year={1963},
  publisher={JSTOR}
}
@inproceedings{vermeulen2015proxemic,
  title={Proxemic flow: Dynamic peripheral floor visualizations for revealing and mediating large surface interactions},
  author={Vermeulen, Jo and Luyten, Kris and Coninx, Karin and Marquardt, Nicolai and Bird, Jon},
  booktitle={IFIP Conference on Human-Computer Interaction},
  pages={264--281},
  year={2015},
  organization={Springer}
}
@inproceedings{ledo2015proxemic,
  title={Proxemic-aware controls: Designing remote controls for ubiquitous computing ecologies},
  author={Ledo, David and Greenberg, Saul and Marquardt, Nicolai and Boring, Sebastian},
  booktitle={Proceedings of the 17th International Conference on Human-Computer Interaction with Mobile Devices and Services},
  pages={187--198},
  year={2015}
}
@inproceedings{ballendat2010proxemic,
  title={Proxemic interaction: designing for a proximity and orientation-aware environment},
  author={Ballendat, Till and Marquardt, Nicolai and Greenberg, Saul},
  booktitle={ACM International Conference on Interactive Tabletops and Surfaces},
  pages={121--130},
  year={2010}
}
@book{soro2018social,
  title={Social Internet of Things},
  author={Soro, Alessandro and Brereton, Margot and Roe, Paul},
  year={2018},
  publisher={Springer}
}
@inproceedings{spadafora2016designing,
  title={Designing the behavior of interactive objects},
  author={Spadafora, Marco and Chahuneau, Victor and Martelaro, Nikolas and Sirkin, David and Ju, Wendy},
  booktitle={Proceedings of the TEI'16: Tenth International Conference on Tangible, Embedded, and Embodied Interaction},
  pages={70--77},
  year={2016}
}
@book{matthews2003personality,
  title={Personality traits},
  author={Matthews, Gerald and Deary, Ian J and Whiteman, Martha C},
  year={2003},
  publisher={Cambridge University Press}
}
@book{costa2008revised,
  title={The Revised NEO Personality Inventory (NEO-PI-R).},
  author={Costa Jr, Paul T and McCrae, Robert R},
  year={2008},
  publisher={Sage Publications, Inc}
}
@article{paunonen2001big,
  title={Big five factors and facets and the prediction of behavior.},
  author={Paunonen, Sampo V and Ashton, Michael C},
  journal={Journal of personality and social psychology},
  volume={81},
  number={3},
  pages={524},
  year={2001},
  publisher={American Psychological Association}
}
@misc{bagherian2016relationship,
  title={The relationship between Big Five personality traits and assertiveness},
  author={Bagherian, Mandana and Mojambari, Adis Kraskian},
  year={2016},
  publisher={Tendenzen}
}
@article{kirst2011investigating,
  title={Investigating the relationship between assertiveness and personality characteristics},
  author={Kirst, Laura K},
  year={2011}
}
@article{ramanaiah1993neo,
  title={NEO personality inventory profiles of assertive and nonassertive persons},
  author={Ramanaiah, Nerella V and Deniston, William M},
  journal={Psychological reports},
  volume={73},
  number={1},
  pages={336--338},
  year={1993},
  publisher={SAGE Publications Sage CA: Los Angeles, CA}
}
@article{lefevre1981assertiveness,
  title={Assertiveness: Correlations with self-esteem locus of control, interpersonal anxiety, fear of disapproval, and depression.},
  author={Lefevre, Esther R and West, Malcolm L},
  journal={Psychiatric Journal of the University of Ottawa},
  year={1981},
  publisher={Canadian Medical Assn}
}
@article{costa1988catalog,
  title={From catalog to classification: Murray's needs and the five-factor model.},
  author={Costa Jr, Paul T and McCrae, Robert R},
  journal={Journal of personality and social psychology},
  volume={55},
  number={2},
  pages={258},
  year={1988},
  publisher={American Psychological Association}
}
@article{boer2011shared,
  title={How shared preferences in music create bonds between people: Values as the missing link},
  author={Boer, Diana and Fischer, Ronald and Strack, Micha and Bond, Michael H and Lo, Eva and Lam, Jason},
  journal={Personality and Social Psychology Bulletin},
  volume={37},
  number={9},
  pages={1159--1171},
  year={2011},
  publisher={Sage Publications Sage CA: Los Angeles, CA}
}
@article{rentfrow2007content,
  title={The content and validity of music-genre stereotypes among college students},
  author={Rentfrow, Peter J and Gosling, Samuel D},
  journal={Psychology of music},
  volume={35},
  number={2},
  pages={306--326},
  year={2007},
  publisher={Sage Publications Sage CA: Thousand Oaks, CA}
}
@article{rentfrow2006message,
  title={Message in a ballad: The role of music preferences in interpersonal perception},
  author={Rentfrow, Peter J and Gosling, Samuel D},
  journal={Psychological science},
  volume={17},
  number={3},
  pages={236--242},
  year={2006},
  publisher={SAGE Publications Sage CA: Los Angeles, CA}
}
@article{schafer2009functions,
  title={From the functions of music to music preference},
  author={Sch{\"a}fer, Thomas and Sedlmeier, Peter},
  journal={Psychology of Music},
  volume={37},
  number={3},
  pages={279--300},
  year={2009},
  publisher={Sage Publications Sage UK: London, England}
}
@article{george2007association,
  title={The association between types of music enjoyed and cognitive, behavioral, and personality factors of those who listen.},
  author={George, Darren and Stickle, Kelly and Rachid, Faith and Wopnford, Alayne},
  journal={Psychomusicology: A Journal of Research in Music Cognition},
  volume={19},
  number={2},
  pages={32},
  year={2007},
  publisher={Music and Arts Publications}
}
@article{zweigenhaft2008re,
  title={A do re mi encore: A closer look at the personality correlates of music preferences},
  author={Zweigenhaft, Richard L},
  journal={Journal of individual differences},
  volume={29},
  number={1},
  pages={45--55},
  year={2008},
  publisher={Hogrefe \& Huber Publishers}
}
@article{dunn2012toward,
  title={Toward a better understanding of the relation between music preference, listening behavior, and personality},
  author={Dunn, Peter Gregory and de Ruyter, Boris and Bouwhuis, Don G},
  journal={Psychology of Music},
  volume={40},
  number={4},
  pages={411--428},
  year={2012},
  publisher={Sage Publications Sage UK: London, England}
}
@article{rentfrow2011structure,
  title={The structure of musical preferences: a five-factor model.},
  author={Rentfrow, Peter J and Goldberg, Lewis R and Levitin, Daniel J},
  journal={Journal of personality and social psychology},
  volume={100},
  number={6},
  pages={1139},
  year={2011},
  publisher={American Psychological Association}
}
@article{rentfrow2003re,
  title={The do re mi's of everyday life: the structure and personality correlates of music preferences.},
  author={Rentfrow, Peter J and Gosling, Samuel D},
  journal={Journal of personality and social psychology},
  volume={84},
  number={6},
  pages={1236},
  year={2003},
  publisher={American Psychological Association}
}
@article{schafer2017can,
  title={Can personality traits predict musical style preferences? A meta-analysis},
  author={Sch{\"a}fer, Thomas and Mehlhorn, Claudia},
  journal={Personality and Individual Differences},
  volume={116},
  pages={265--273},
  year={2017},
  publisher={Elsevier}
}
@article{bonneville2013music,
  title={Music through the ages: Trends in musical engagement and preferences from adolescence through middle adulthood.},
  author={Bonneville-Roussy, Arielle and Rentfrow, Peter J and Xu, Man K and Potter, Jeff},
  journal={Journal of personality and social psychology},
  volume={105},
  number={4},
  pages={703},
  year={2013},
  publisher={American Psychological Association}
}
@article{fricke2017personality,
  title={Personality and self-reported preference for music genres and attributes in a German-speaking sample},
  author={Fricke, Kai R and Herzberg, Philipp Y},
  journal={Journal of Research in Personality},
  volume={68},
  pages={114--123},
  year={2017},
  publisher={Elsevier}
}
@article{greenberg2016song,
  title={The song is you: Preferences for musical attribute dimensions reflect personality},
  author={Greenberg, David M and Kosinski, Michal and Stillwell, David J and Monteiro, Brian L and Levitin, Daniel J and Rentfrow, Peter J},
  journal={Social Psychological and Personality Science},
  volume={7},
  number={6},
  pages={597--605},
  year={2016},
  publisher={Sage Publications Sage CA: Los Angeles, CA}
}
@article{langmeyer2012music,
  title={What do music preferences reveal about personality?},
  author={Langmeyer, Alexandra and Guglh{\"o}r-Rudan, Angelika and Tarnai, Christian},
  journal={Journal of individual differences},
  year={2012},
  publisher={Hogrefe Publishing}
}
@article{zuckerman1988lies,
  title={What lies beyond E and N? Factor analyses of scales believed to measure basic dimensions of personality.},
  author={Zuckerman, Marvin and Kuhlman, D Michael and Camac, Curt},
  journal={Journal of personality and social psychology},
  volume={54},
  number={1},
  pages={96},
  year={1988},
  publisher={American Psychological Association}
}
@book{luscher1971luscher,
  title={The Luscher color test},
  author={L{\"u}scher, Max},
  year={1971},
  publisher={Simon and Schuster}
}
@article{cerrato2012meaning,
  title={The meaning of colors},
  author={Cerrato, Herman},
  journal={The Graphic Designer},
  year={2012}
}
@article{schaie1964color,
  title={Color and personality.},
  author={Schaie, Klaus Warner and Heiss, Robert},
  year={1964},
  publisher={Grune \& Stratton}
}
@article{alschuler1943easel,
  title={Easel painting as an index of personality in preschool children.},
  author={Alschuler, Rose H and Hattwick, LaBerta A},
  journal={American Journal of Orthopsychiatry},
  volume={13},
  number={4},
  pages={616},
  year={1943},
  publisher={American Orthopsychiatric Association, Inc.}
}
@article{schaie1961scaling,
  title={Scaling the association between colors and mood-tones},
  author={Schaie, K Warner},
  journal={The american journal of psychology},
  volume={74},
  number={2},
  pages={266--273},
  year={1961},
  publisher={JSTOR}
}
@article{gjerdingen2008scanning,
  title={Scanning the dial: The rapid recognition of music genres},
  author={Gjerdingen, Robert O and Perrott, David},
  journal={Journal of New Music Research},
  volume={37},
  number={2},
  pages={93--100},
  year={2008},
  publisher={Taylor \& Francis}
}